@misc{Kegel,
  author = {Kegel, Dan},
  month = sep,
  day = 27,
  year = 2006,
  title = {The {C10K} problem},
  howpublished = {\url{http://www.kegel.com/c10k.html}},
}

@article{Vinoski,
 author = {Vinoski, Steve},
 title = {Process Bottlenecks within {Erlang} Web Applications},
 journal = {IEEE Internet Computing},
 issue_date = {March 2011},
 volume = {15},
 issue = {2},
 month = {March},
 year = {2011},
 issn = {1089-7801},
 pages = {86--89},
 numpages = {4},
 url = {http://dx.doi.org/10.1109/MIC.2011.45},
 doi = {http://dx.doi.org/10.1109/MIC.2011.45},
 acmid = {1963187},
 publisher = {IEEE Educational Activities Department},
 address = {Piscataway, NJ, USA},
} 

@inproceedings{LiZdancewic,
 author = {Li, Peng and Zdancewic, Steve},
 title = {Combining events and threads for scalable network services implementation and evaluation of monadic, application-level concurrency primitives},
 booktitle = {Proceedings of the 2007 ACM SIGPLAN conference on Programming language design and implementation},
 series = {PLDI '07},
 year = {2007},
 isbn = {978-1-59593-633-2},
 location = {San Diego, California, USA},
 pages = {189--199},
 numpages = {11},
 url = {http://doi.acm.org/10.1145/1250734.1250756},
 doi = {http://doi.acm.org/10.1145/1250734.1250756},
 acmid = {1250756},
 publisher = {ACM},
 address = {New York, NY, USA},
} 

@misc{Nginx,
  month = oct,
  day = 11,
  year = 2011,
  title = {Nginx Wiki},
  howpublished = {\url{http://wiki.nginx.org/Main}}
}

@misc{Lighttpd,
  month = oct,
  day = 26,
  year = 2011,
  title = {Lighttpd -- Performance},
  howpublished = {\url{http://redmine.lighttpd.net/wiki/1/Docs:Performance}}
}

@misc{Apache,
  month = may,
  day = 11,
  year = 2011,
  title = {Apache {MPM} worker},
  howpublished = {\url{http://httpd.apache.org/docs/2.2/mod/worker.html}}
}

