@misc{Kegel,
  author = {Kegel, Dan},
  month = sep,
  day = 27,
  year = 2006,
  title = {The {C10K} problem},
  howpublished = {\url{http://www.kegel.com/c10k.html}},
}

@article{Vinoski,
 author = {Vinoski, Steve},
 title = {Process Bottlenecks within {Erlang} Web Applications},
 journal = {IEEE Internet Computing},
 issue_date = {March 2011},
 volume = {15},
 issue = {2},
 month = {March},
 year = {2011},
 issn = {1089-7801},
 pages = {86--89},
 numpages = {4},
 url = {http://dx.doi.org/10.1109/MIC.2011.45},
 doi = {http://dx.doi.org/10.1109/MIC.2011.45},
 acmid = {1963187},
 publisher = {IEEE Educational Activities Department},
 address = {Piscataway, NJ, USA},
} 

@inproceedings{LiZdancewic,
 author = {Li, Peng and Zdancewic, Steve},
 title = {Combining events and threads for scalable network services implementation and evaluation of monadic, application-level concurrency primitives},
 booktitle = {Proceedings of the 2007 ACM SIGPLAN conference on Programming language design and implementation},
 series = {PLDI '07},
 year = {2007},
 isbn = {978-1-59593-633-2},
 location = {San Diego, California, USA},
 pages = {189--199},
 numpages = {11},
 url = {http://doi.acm.org/10.1145/1250734.1250756},
 doi = {http://doi.acm.org/10.1145/1250734.1250756},
 acmid = {1250756},
 publisher = {ACM},
 address = {New York, NY, USA},
} 

@misc{Nginx,
  month = oct,
  day = 11,
  year = 2011,
  title = {Nginx Wiki},
  howpublished = {\url{http://wiki.nginx.org/Main}}
}

@misc{Lighttpd,
  month = oct,
  day = 26,
  year = 2011,
  title = {Lighttpd -- Performance},
  howpublished = {\url{http://redmine.lighttpd.net/wiki/1/Docs:Performance}}
}

@misc{Apache,
  month = may,
  day = 11,
  year = 2011,
  title = {Apache {MPM} worker},
  howpublished = {\url{http://httpd.apache.org/docs/2.2/mod/worker.html}}
}

@article{BiagioniEtAl,
 author = {Biagioni, Edoardo and Harper, Robert and Lee, Peter},
 title = {A Network Protocol Stack in {Standard ML}},
 journal = {Higher Order Symbol. Comput.},
 volume = {14},
 issue = {4},
 month = {December},
 year = {2001},
 issn = {1388-3690},
 pages = {309--356},
 numpages = {48},
 url = {http://dl.acm.org/citation.cfm?id=569882.569883},
 doi = {10.1023/A:1014403914699},
 acmid = {569883},
 publisher = {Kluwer Academic Publishers},
 address = {Hingham, MA, USA},
 keywords = {Standard ML, computer networks, modules, signatures, types},
} 

@inproceedings{Hellstrom,
 author = {Hellstr\"{o}m, Oscar},
 title = {Optimising {TCP/IP} connectivity},
 booktitle = {Proceedings of the 2007 SIGPLAN workshop on ERLANG Workshop},
 series = {ERLANG '07},
 year = {2007},
 isbn = {978-1-59593-675-2},
 location = {Freiburg, Germany},
 pages = {73--84},
 numpages = {12},
 url = {http://doi.acm.org/10.1145/1292520.1292532},
 doi = {http://doi.acm.org/10.1145/1292520.1292532},
 acmid = {1292532},
 publisher = {ACM},
 address = {New York, NY, USA},
 keywords = {TCP/IP, erlang, scalability},
} 

@misc{ApacheAB,
  month = Jan,
  day = 03,
  year = 2011,
  title = {ab - {Apache} {HTTP} server benchmarking tool},
  howpublished = {\url{http://httpd.apache.org/docs/2.0/programs/ab.html}}
}

@inproceedings{LiEtAl,
 author = {Li, Peng and Marlow, Simon and Peyton Jones, Simon and Tolmach, Andrew},
 title = {Lightweight concurrency primitives for {GHC}},
 booktitle = {Proceedings of the ACM SIGPLAN workshop on Haskell workshop},
 series = {Haskell '07},
 year = {2007},
 isbn = {978-1-59593-674-5},
 location = {Freiburg, Germany},
 pages = {107--118},
 numpages = {12},
 url = {http://doi.acm.org/10.1145/1291201.1291217},
 doi = {http://doi.acm.org/10.1145/1291201.1291217},
 acmid = {1291217},
 publisher = {ACM},
 address = {New York, NY, USA},
 keywords = {concurrency, haskell, thread, transactional memory},
} 

@inproceedings{Gill,
 author = {Gill, Andy},
 title = {Type-safe observable sharing in {Haskell}},
 booktitle = {Proceedings of the 2nd ACM SIGPLAN symposium on Haskell},
 series = {Haskell '09},
 year = {2009},
 isbn = {978-1-60558-508-6},
 location = {Edinburgh, Scotland},
 pages = {117--128},
 numpages = {12},
 url = {http://doi.acm.org/10.1145/1596638.1596653},
 doi = {http://doi.acm.org/10.1145/1596638.1596653},
 acmid = {1596653},
 publisher = {ACM},
 address = {New York, NY, USA},
 keywords = {DSL compilation, observable sharing},
} 

@inproceedings{VanderwaartCrary,
 author = {Vanderwaart, Joseph C. and Crary, Karl},
 title = {Automated and certified conformance to responsiveness policies},
 booktitle = {Proceedings of the 2005 ACM SIGPLAN international workshop on Types in languages design and implementation},
 series = {TLDI '05},
 year = {2005},
 isbn = {1-58113-999-3},
 location = {Long Beach, California, USA},
 pages = {79--90},
 numpages = {12},
 url = {http://doi.acm.org/10.1145/1040294.1040302},
 doi = {http://doi.acm.org/10.1145/1040294.1040302},
 acmid = {1040302},
 publisher = {ACM},
 address = {New York, NY, USA},
 keywords = {certified code, grid computing, typed assembly language},
} 

@inproceedings{LeijenMeijer,
 author = {Leijen, Daan and Meijer, Erik},
 title = {Domain specific embedded compilers},
 booktitle = {Proceedings of the 2nd conference on Conference on Domain-Specific Languages - Volume 2},
 series = {DSL'99},
 year = {1999},
 location = {Austin, Texas},
 pages = {9--9},
 numpages = {1},
 url = {http://dl.acm.org/citation.cfm?id=1267936.1267945},
 acmid = {1267945},
 publisher = {USENIX Association},
 address = {Berkeley, CA, USA},
}

@INPROCEEDINGS{ElliottEtAl,
    author = {Conal Elliott and Sigbj√∏rn Finne and Oege De Moor},
    title = {Compiling Embedded Languages},
    booktitle = {Proc. Semantics, Applications, and Implementation of Program Generation (SAIG 2000), LNCS},
    year = {2000},
    pages = {9--27},
    publisher = {Springer-Verlag}
}

@inproceedings{GraunkeEtAl,
 author = {Graunke, Paul and Findler, Robert Bruce and Krishnamurthi, Shriram and Felleisen, Matthias},
 title = {Automatically Restructuring Programs for the Web},
 booktitle = {Proceedings of the 16th IEEE international conference on Automated software engineering},
 series = {ASE '01},
 year = {2001},
 pages = {211--},
 url = {http://dl.acm.org/citation.cfm?id=872023.872573},
 acmid = {872573},
 publisher = {IEEE Computer Society},
 address = {Washington, DC, USA},
} 

@inproceedings{Queinnec,
 author = {Queinnec, Christian},
 title = {The influence of browsers on evaluators or, continuations to program web servers},
 booktitle = {Proceedings of the fifth ACM SIGPLAN international conference on Functional programming},
 series = {ICFP '00},
 year = {2000},
 isbn = {1-58113-202-6},
 pages = {23--33},
 numpages = {11},
 url = {http://doi.acm.org/10.1145/351240.351243},
 doi = {http://doi.acm.org/10.1145/351240.351243},
 acmid = {351243},
 publisher = {ACM},
 address = {New York, NY, USA},
} 

@misc{HeMan,
  month = june,
  day = 02,
  year = 2010,
  title = {Fabulous Secret Powers},
  howpublished = {\url{http://7chan.org/fl/src/hey.swf}}
}

@inproceedings{vonBehrenConditBrewer,
 author = {von Behren, Rob and Condit, Jeremy and Brewer, Eric},
 title = {Why events are a bad idea (for high-concurrency servers)},
 booktitle = {Proceedings of the 9th conference on Hot Topics in Operating Systems - Volume 9},
 series = {HOTOS'03},
 year = {2003},
 location = {Lihue, Hawaii},
 pages = {4--4},
 numpages = {1},
 url = {http://dl.acm.org/citation.cfm?id=1251054.1251058},
 acmid = {1251058},
 publisher = {USENIX Association},
 address = {Berkeley, CA, USA},
} 

@inproceedings{vonBehrenEtAl,
 author = {von Behren, Rob and Condit, Jeremy and Zhou, Feng and Necula, George C. and Brewer, Eric},
 title = {Capriccio: scalable threads for internet services},
 booktitle = {Proceedings of the nineteenth ACM symposium on Operating systems principles},
 series = {SOSP '03},
 year = {2003},
 isbn = {1-58113-757-5},
 location = {Bolton Landing, NY, USA},
 pages = {268--281},
 numpages = {14},
 url = {http://doi.acm.org/10.1145/945445.945471},
 doi = {10.1145/945445.945471},
 acmid = {945471},
 publisher = {ACM},
 address = {New York, NY, USA},
 keywords = {blocking graph, dynamic stack growth, linked stack management, resource-aware scheduling, user-level threads},
} 

@article{LauerNeedham,
 author = {Lauer, Hugh C. and Needham, Roger M.},
 title = {On the duality of operating system structures},
 journal = {SIGOPS Oper. Syst. Rev.},
 issue_date = {April 1979},
 volume = {13},
 number = {2},
 month = apr,
 year = {1979},
 issn = {0163-5980},
 pages = {3--19},
 numpages = {17},
 url = {http://doi.acm.org/10.1145/850657.850658},
 doi = {10.1145/850657.850658},
 acmid = {850658},
 publisher = {ACM},
 address = {New York, NY, USA},
} 
